@article{Horvath:2009:DHS:1531326.1531347,
 author = {Horvath, Christopher and Geiger, Willi},
 title = {Directable, High-resolution Simulation of Fire on the GPU},
 journal = {ACM Trans. Graph.},
 issue_date = {August 2009},
 volume = {28},
 number = {3},
 month = jul,
 year = {2009},
 issn = {0730-0301},
 pages = {41:1--41:8},
 articleno = {41},
 numpages = {8},
 url = {http://doi.acm.org/10.1145/1531326.1531347},
 doi = {10.1145/1531326.1531347},
 acmid = {1531347},
 publisher = {ACM},
 address = {New York, NY, USA},
 keywords = {GPU, fire, particles, simulation},
}

@inproceedings{Horvath:2009:DHS:1576246.1531347,
	author = {Horvath, Christopher and Geiger, Willi},
	title = {Directable, High-resolution Simulation of Fire on the GPU},
	booktitle = {ACM SIGGRAPH 2009 Papers},
	series = {SIGGRAPH '09},
	year = {2009},
	isbn = {978-1-60558-726-4},
	location = {New Orleans, Louisiana},
	pages = {41:1--41:8},
	articleno = {41},
	numpages = {8},
	url = {http://doi.acm.org/10.1145/1576246.1531347},
	doi = {10.1145/1576246.1531347},
	acmid = {1531347},
	publisher = {ACM},
	address = {New York, NY, USA},
	keywords = {GPU, fire, particles, simulation},
}

@inproceedings{Zhang:2011:GFS:2019406.2019431,
	author = {Zhang, Yubo and Correa, Carlos D. and Ma, Kwan-Liu},
	title = {Graph-based Fire Synthesis},
	booktitle = {Proceedings of the 2011 ACM SIGGRAPH/Eurographics Symposium on Computer Animation},
	series = {SCA '11},
	year = {2011},
	isbn = {978-1-4503-0923-3},
	location = {Vancouver, British Columbia, Canada},
	pages = {187--194},
	numpages = {8},
	url = {http://doi.acm.org/10.1145/2019406.2019431},
	doi = {10.1145/2019406.2019431},
	acmid = {2019431},
	publisher = {ACM},
	address = {New York, NY, USA},
}

@inproceedings{Bangalore:2012:TAD:2328888.2328896,
	author = {Bangalore, A. and House, D. H.},
	title = {A Technique for Art Direction of Physically Based Fire Simulation},
	booktitle = {Proceedings of the Eighth Annual Symposium on Computational Aesthetics in Graphics, Visualization, and Imaging},
	series = {CAe '12},
	year = {2012},
	isbn = {978-1-4503-1584-5},
	location = {Annecy, France},
	pages = {45--54},
	numpages = {10},
	url = {http://dl.acm.org/citation.cfm?id=2328888.2328896},
	acmid = {2328896},
	publisher = {Eurographics Association},
	address = {Aire-la-Ville, Switzerland, Switzerland},
}

@article{Chadwick:2011:AFS:2010324.1964979,
	author = {Chadwick, Jeffrey N. and James, Doug L.},
	title = {Animating Fire with Sound},
	journal = {ACM Trans. Graph.},
	issue_date = {July 2011},
	volume = {30},
	number = {4},
	month = jul,
	year = {2011},
	issn = {0730-0301},
	pages = {84:1--84:8},
	articleno = {84},
	numpages = {8},
	url = {http://doi.acm.org/10.1145/2010324.1964979},
	doi = {10.1145/2010324.1964979},
	acmid = {1964979},
	publisher = {ACM},
	address = {New York, NY, USA},
	keywords = {bandwidth extension, combustion, fire, sound synthesis, texture synthesis},
}

@inproceedings{Chadwick:2011:AFS:1964921.1964979,
	author = {Chadwick, Jeffrey N. and James, Doug L.},
	title = {Animating Fire with Sound},
	booktitle = {ACM SIGGRAPH 2011 Papers},
	series = {SIGGRAPH '11},
	year = {2011},
	isbn = {978-1-4503-0943-1},
	location = {Vancouver, British Columbia, Canada},
	pages = {84:1--84:8},
	articleno = {84},
	numpages = {8},
	url = {http://doi.acm.org/10.1145/1964921.1964979},
	doi = {10.1145/1964921.1964979},
	acmid = {1964979},
	publisher = {ACM},
	address = {New York, NY, USA},
	keywords = {bandwidth extension, combustion, fire, sound synthesis, texture synthesis},
}

@article{Chadwick:2011:AFS:2010324.1964979,
	author = {Chadwick, Jeffrey N. and James, Doug L.},
	title = {Animating Fire with Sound},
	journal = {ACM Trans. Graph.},
	issue_date = {July 2011},
	volume = {30},
	number = {4},
	month = jul,
	year = {2011},
	issn = {0730-0301},
	pages = {84:1--84:8},
	articleno = {84},
	numpages = {8},
	url = {http://doi.acm.org/10.1145/2010324.1964979},
	doi = {10.1145/2010324.1964979},
	acmid = {1964979},
	publisher = {ACM},
	address = {New York, NY, USA},
	keywords = {bandwidth extension, combustion, fire, sound synthesis, texture synthesis},
}

@inproceedings{Chadwick:2011:AFS:1964921.1964979,
	author = {Chadwick, Jeffrey N. and James, Doug L.},
	title = {Animating Fire with Sound},
	booktitle = {ACM SIGGRAPH 2011 Papers},
	series = {SIGGRAPH '11},
	year = {2011},
	isbn = {978-1-4503-0943-1},
	location = {Vancouver, British Columbia, Canada},
	pages = {84:1--84:8},
	articleno = {84},
	numpages = {8},
	url = {http://doi.acm.org/10.1145/1964921.1964979},
	doi = {10.1145/1964921.1964979},
	acmid = {1964979},
	publisher = {ACM},
	address = {New York, NY, USA},
	keywords = {bandwidth extension, combustion, fire, sound synthesis, texture synthesis},
}

@inproceedings{Cha:2009:DVS:1599301.1599375,
	author = {Cha, Moohyun and Lee, Jaikyung and Choi, Byungil and Lee, Hyokwang and Han, Soonhung},
	title = {A Data-driven Visual Simulation of Fire Phenomena},
	booktitle = {SIGGRAPH '09: Posters},
	series = {SIGGRAPH '09},
	year = {2009},
	location = {New Orleans, Louisiana},
	pages = {74:1--74:1},
	articleno = {74},
	numpages = {1},
	url = {http://doi.acm.org/10.1145/1599301.1599375},
	doi = {10.1145/1599301.1599375},
	acmid = {1599375},
	publisher = {ACM},
	address = {New York, NY, USA},
}

@inproceedings{Thuerey:2013:TF:2504435.2504441,
	author = {Thuerey, Nils and Kim, Theodore and Pfaff, Tobias},
	title = {Turbulent Fluids},
	booktitle = {ACM SIGGRAPH 2013 Courses},
	series = {SIGGRAPH '13},
	year = {2013},
	isbn = {978-1-4503-2339-0},
	location = {Anaheim, California},
	pages = {6:1--6:1},
	articleno = {6},
	numpages = {1},
	url = {http://doi.acm.org/10.1145/2504435.2504441},
	doi = {10.1145/2504435.2504441},
	acmid = {2504441},
	publisher = {ACM},
	address = {New York, NY, USA},
}

@inproceedings{Hong:2007:WFC:1275808.1276436,
	author = {Hong, Jeong-Mo and Shinar, Tamar and Fedkiw, Ronald},
	title = {Wrinkled Flames and Cellular Patterns},
	booktitle = {ACM SIGGRAPH 2007 Papers},
	series = {SIGGRAPH '07},
	year = {2007},
	location = {San Diego, California},
	articleno = {47},
	url = {http://doi.acm.org/10.1145/1275808.1276436},
	doi = {10.1145/1275808.1276436},
	acmid = {1276436},
	publisher = {ACM},
	address = {New York, NY, USA},
	keywords = {cellular patterns, combustion, fire, flame},
}

@article{Hong:2007:WFC:1276377.1276436,
	author = {Hong, Jeong-Mo and Shinar, Tamar and Fedkiw, Ronald},
	title = {Wrinkled Flames and Cellular Patterns},
	journal = {ACM Trans. Graph.},
	issue_date = {July 2007},
	volume = {26},
	number = {3},
	month = jul,
	year = {2007},
	issn = {0730-0301},
	articleno = {47},
	url = {http://doi.acm.org/10.1145/1276377.1276436},
	doi = {10.1145/1276377.1276436},
	acmid = {1276436},
	publisher = {ACM},
	address = {New York, NY, USA},
	keywords = {cellular patterns, combustion, fire, flame},
}

@article{Robertson:2010:TE,
	author = {Robertson, Barbara},
	title = {Training Exercise},
	journal = {Computer Graphics World},
	issue_date = {April 2010},
	volume = {33},
	number = {4},
	month = apr,
	year = {2010},
	url = {http://www.cgw.com/Publications/CGW/2010/Volume-33-Issue-4-April-2010-/Training-Exercise.aspx},
	publisher = {Computer Graphics World},
	keywords = {DreamWorks Animation, fire, training, CGI},
}

@inproceedings{Dubey:2011:PPB:2037636.2037646,
	author = {Dubey, Pradeep and Hanrahan, Pat and Fedkiw, Ronald and Lentine, Michael and Schroeder, Craig},
	title = {PhysBAM: Physically Based Simulation},
	booktitle = {ACM SIGGRAPH 2011 Courses},
	series = {SIGGRAPH '11},
	year = {2011},
	isbn = {978-1-4503-0967-7},
	location = {Vancouver, British Columbia, Canada},
	pages = {10:1--10:22},
	articleno = {10},
	numpages = {22},
	url = {http://doi.acm.org/10.1145/2037636.2037646},
	doi = {10.1145/2037636.2037646},
	acmid = {2037646},
	publisher = {ACM},
	address = {New York, NY, USA},
}

@inproceedings{Wei:2002:SFT:602099.602134,
	author = {Wei, Xiaoming and Li, Wei and Mueller, Klaus and Kaufman, Arie},
	title = {Simulating Fire with Texture Splats},
	booktitle = {Proceedings of the Conference on Visualization '02},
	series = {VIS '02},
	year = {2002},
	isbn = {0-7803-7498-3},
	location = {Boston, Massachusetts},
	pages = {227--235},
	numpages = {9},
	url = {http://dl.acm.org/citation.cfm?id=602099.602134},
	acmid = {602134},
	publisher = {IEEE Computer Society},
	address = {Washington, DC, USA},
	keywords = {fire modeling, graphics hardware, lattice boltzmann model, textured splatting},
}

@inproceedings{Bukowski:1997:ISF:258734.258757,
	author = {Bukowski, Richard and S{\'e}quin, Carlo},
	title = {Interactive Simulation of Fire in Virtual Building Environments},
	booktitle = {Proceedings of the 24th Annual Conference on Computer Graphics and Interactive Techniques},
	series = {SIGGRAPH '97},
	year = {1997},
	isbn = {0-89791-896-7},
	pages = {35--44},
	numpages = {10},
	url = {http://dx.doi.org/10.1145/258734.258757},
	doi = {10.1145/258734.258757},
	acmid = {258757},
	publisher = {ACM Press/Addison-Wesley Publishing Co.},
	address = {New York, NY, USA},
	keywords = {information visualization, interactive techniques, scientific visualization, simulation, virtual reality, virtual/interactive environments},
}